%%%%%%%%%%%%%%%%%%%%%%%%%%%%%%%%%%%%%
%            References
%%%%%%%%%%%%%%%%%%%%%%%%%%%%%%%%%%%%%

@online{iozone,
  author={Norcott, W. D.},
  title={IOzone Filesystem Benchmark},
  year=2017,
  url={http://www.iozone.org},
  note = {[Online; accessed 2017-11-12]},
  urldate={2017-11-12},
}

% QNSTOP, the statistical selection of well-spaced points procedure
@article{amos2014algorithm,
  title={Algorithm XXX: QNSTOP quasi-Newton algorithm for stochastic optimization},
  author={Amos, Brandon D. and Easterling, David R. and Watson, Layne T. and Thacker, William I. and Castle, Brent S. and Trosset, Michael W.},
  journal={Technical Report 14-02, Dept. of Computer Science, VPI\&SU, Blacksburg, VA},
  year={2014},
}

% The complexity of finding all voronoi cells (all vertices / delaunay)
@article{dutour2009complexity,
  title={Complexity and algorithms for computing Voronoi cells of lattices},
  author={Dutour Sikiri{\'c}, Mathieu and Sch{\"u}rmann, Achill and Vallentin, Frank},
  journal={Mathematics of Computation},
  volume={78},
  number={267},
  pages={1713--1731},
  year={2009}
}

% Computing the voronoi cells with the Watson algorithm
@article{watson1981computing,
  title={Computing the n-dimensional Delaunay tessellation with application to Voronoi polytopes},
  author={Watson, David F},
  journal={The Computer Journal},
  volume={24},
  number={2},
  pages={167--172},
  year={1981},
  publisher={Oxford University Press}
}

% Nearest neighbor
@article{cover1967nearest,
  title={Nearest neighbor pattern classification},
  author={Cover, Thomas and Hart, Peter},
  journal={IEEE Transactions on Information Theory},
  volume={13},
  number={1},
  pages={21--27},
  year={1967},
  publisher={IEEE}
}

% Original voronoi cell definition paper
@article{dirichlet1850reduction,
  title={{\"U}ber die Reduction der positiven quadratischen Formen mit drei unbestimmten ganzen Zahlen.},
  author={Dirichlet, G Lejeune},
  journal={Journal f{\"u}r die Reine und Angewandte Mathematik},
  volume={40},
  pages={209--227},
  year={1850}
}

%%%%%%%%%%%%%%%%%%%%%%%%%%%%%%%%%%%%%
%             Splines
%%%%%%%%%%%%%%%%%%%%%%%%%%%%%%%%%%%%%

% Full text on box splines
@book{de2013box,
  title={Box splines},
  author={De Boor, Carl and H{\"o}llig, Klaus and Riemenschneider, Sherman},
  volume={98},
  year={2013},
  publisher={Springer Science \& Business Media}
}

% Box splines chapter
@book{cheney2009course,
  title={A Course in Approximation Theory},
  author={Cheney, Elliott Ward and Light, William Allan},
  volume={101},
  year={2009},
  publisher={American Mathematical Soc.}
}

% A paper on B-Splines
@inproceedings{unther1996interpolating,
  title={Interpolating and approximating scattered 3D-data with hierarchical tensor product B-splines},
  author={unther Greiner, G and Hormann, Kai},
  booktitle={Proceedings of Chamonix},
  pages={1},
  year={1996}
}

% DeBoor's book on splines
@book{de1978practical,
  title={A practical guide to splines},
  author={De Boor, Carl and De Boor, Carl and Math{\'e}maticien, Etats-Unis and De Boor, Carl and De Boor, Carl},
  volume={27},
  year={1978},
  publisher={Springer-Verlag New York}
}

%%%%%%%%%%%%%%%%%%%%%%%%%%%%%%%%%%%%%
%             Data sets
%%%%%%%%%%%%%%%%%%%%%%%%%%%%%%%%%%%%%

% Social media prediction (modern work by facebook)
@article{moro2016predicting,
  title={Predicting social media performance metrics and evaluation of the impact on brand building: A data mining approach},
  author={Moro, S{\'e}rgio and Rita, Paulo and Vala, Bernardo},
  journal={Journal of Business Research},
  volume={69},
  number={9},
  pages={3341--3351},
  year={2016},
  publisher={Elsevier}
}

% Building temperature management, another modern work
@article{lazos2014optimisation,
  title={Optimisation of energy management in commercial buildings with weather forecasting inputs: A review},
  author={Lazos, Dimitris and Sproul, Alistair B and Kay, Merlinde},
  journal={Renewable and Sustainable Energy Reviews},
  volume={39},
  pages={587--603},
  year={2014},
  publisher={Elsevier}
}

% Comparison paper on parkinsons analysis, lots of dimensions compared to others
@article{tsanas2010accurate,
  title={Accurate telemonitoring of Parkinson's disease progression by noninvasive speech tests},
  author={Tsanas, Athanasios and Little, Max A and McSharry, Patrick E and Ramig, Lorraine O},
  journal={IEEE Transactions on Biomedical Engineering},
  volume={57},
  number={4},
  pages={884--893},
  year={2010},
  publisher={IEEE}
}

% Application of multivariate modeling on student performance
@article{cortez2008using,
  title={Using data mining to predict secondary school student performance},
  author={Cortez, Paulo and Silva, Alice Maria Gon{\c{c}}alves},
  year={2008},
  journal={Proceedings of 5th Annual Future Business Technology Conference, Porto},
  publisher={EUROSIS}
}

% Application of multivariate modeling on pollution monitoring
@article{de2008field,
  title={On field calibration of an electronic nose for benzene estimation in an urban pollution monitoring scenario},
  author={De Vito, S and Massera, E and Piga, M and Martinotto, L and Di Francia, G},
  journal={Sensors and Actuators B: Chemical},
  volume={129},
  number={2},
  pages={750--757},
  year={2008},
  publisher={Elsevier}
}

% Comparison paper on forest fires, middle amount of dimensions and number of points.
@article{cortez2007data,
  title={A data mining approach to predict forest fires using meteorological data},
  author={Cortez, Paulo and Morais, An{\'\i}bal de Jesus Raimundo},
  year={2007},
  journal={13th Portuguese Conference on Artificial Intelligence},
  publisher={Associa{\c{c}}{\~a}o Portuguesa para a Intelig{\^e}ncia Artificial (APPIA)}
}