@Comment Article used for maintaining monotonicity of quintics.
@article{ulrich1994positivity,
  title={Positivity conditions for quartic polynomials},
  author={Ulrich, Gary and Watson, Layne T},
  journal={SIAM Journal on Scientific Computing},
  volume={15},
  number={3},
  pages={528--544},
  year={1994},
  publisher={SIAM}
}

@Comment Article used for maintaining monotonicity of simplified quintics.
@article{schmidt1988positivity,
  title={Positivity of cubic polynomials on intervals and positive spline interpolation},
  author={Schmidt, Jochen W and Hess, Walter},
  journal={BIT Numerical Mathematics},
  volume={28},
  number={2},
  pages={340--352},
  year={1988},
  publisher={Springer}
}